%% This BibTeX bibliography file was created using BibDesk.
%% http://bibdesk.sourceforge.net/

%% Created for Florian Daniel at 2017-10-12 18:02:02 +0200 


%% Saved with string encoding Unicode (UTF-8) 



@inproceedings{Robles2010CA,
  title={: Context Aware Tools for Smart Home Development},
  author={Rosslin John Robles and Tai-Hoon Kim},
  year={2010}
}

@inproceedings{kar21408,
           month = {January},
          author = {Peter J. Brown},
       booktitle = {Proceedings of EP''96, Palo Alto},
           title = {The Stick-e Document: a Framework for Creating Context-aware Applications},
       publisher = {also published in it EP--odd},
         journal = {Proceedings of EP''96, Palo Alto},
           pages = {259--272},
            year = {1996},
             url = {https://kar.kent.ac.uk/21408/}
}

@inproceedings{Rodden98exploitingcontext,
    author = {Tom Rodden and Keith Chervest and Nigel Davies and Alan Dix},
    title = {Exploiting Context in HCI Design for Mobile Systems},
    booktitle = {in Workshop on Human Computer Interaction with Mobile Devices},
    year = {1998}
}

@inproceedings{deycontext,
author="Abowd, Gregory D.
and Dey, Anind K.
and Brown, Peter J.
and Davies, Nigel
and Smith, Mark
and Steggles, Pete",
editor="Gellersen, Hans-W.",
title="Towards a Better Understanding of Context and Context-Awareness",
booktitle="Handheld and Ubiquitous Computing",
year="1999",
publisher="Springer Berlin Heidelberg",
address="Berlin, Heidelberg",
pages="304--307",
isbn="978-3-540-48157-7"
}

@INPROCEEDINGS{adaptpolimi, 
author={A. Miele and E. Quintarelli and E. Rabosio and L. Tanca}, 
booktitle={2014 IEEE 30th International Conference on Data Engineering}, 
title={ADaPT: Automatic Data Personalization based on contextual preferences}, 
year={2014}, 
volume={}, 
number={}, 
pages={1234-1237}, 
keywords={data mining;query processing;ADaPT;automatic data personalization;data access personalization;server application;user contextual preferences;log data;client application;user mobile device;data view query;activity log;mining;client device;movie database;data view personalization;Context;Motion pictures;Databases;Servers;Data mining;Graphical user interfaces;Mobile handsets}, 
doi={10.1109/ICDE.2014.6816749}, 
ISSN={1063-6382}, 
month={March},}

@ARTICLE{dynamicapp, 
author={R. Francese and M. Risi and G. Tortora and M. Tucci}, 
journal={IEEE Transactions on Mobile Computing}, 
title={Visual Mobile Computing for Mobile End-Users}, 
year={2016}, 
volume={15}, 
number={4}, 
pages={1033-1046}, 
keywords={data flow computing;graphical user interfaces;Internet;mobile computing;smart phones;visual mobile computing;mobile end-users;mobile phone;Internet services;pervasive services;graphical notation;iterative development process;incremental development process;touch-based selection;data-flow approach;user interface;smartphone;personal computer;MicroApp generator;MIT App inventor;Generators;Mobile communication;Mobile computing;Context;Electronic mail;Sensors;Engines;Pervasive Mobile Applications;Graphical Environment;Service Composition;Pervasive mobile applications;graphical environment;service composition}, 
doi={10.1109/TMC.2015.2422295}, 
ISSN={1536-1233}, 
month={April},}

@INPROCEEDINGS{myservice, 
author={E. Lee and Hyung-Joo Joo}, 
booktitle={2013 15th International Conference on Advanced Communications Technology (ICACT)}, 
title={Developing lightweight context-aware service mashup applications}, 
year={2013}, 
volume={}, 
number={}, 
pages={1060-1064}, 
keywords={Java;mobile computing;online front-ends;program compilers;Web services;dynamic development;mobile users;mash page;JavaScript wrapper;MyServices;mash construction system;service providers;context aware selection rules;JavaScript code generation;browser environment;navigation;Web services;service discovery;service selection;service composition;lightweight context aware service mashup applications;Context;Navigation;Computational modeling;HTML;Mashups;Context modeling;Servers;context-aware service composition;ubiquitous services;service mashups;parameter matching}, 
doi={}, 
ISSN={1738-9445}, 
month={Jan},}

@inproceedings{casillo,
  title={A Context-Aware Mobile Solution for Assisting Tourists in a Smart Environment},
  author={Mario Casillo and Francesco Colace and Massimo De Santo and Saverio Lemma and Marco Lombardi},
  booktitle={HICSS},
  year={2017}
}

@article{braga,
 author = {Braga, Daniele and Ceri, Stefano and Daniel, Florian and Martinenghi, Davide},
 title = {Optimization of Multi-domain Queries on the Web},
 journal = {Proc. VLDB Endow.},
 issue_date = {August 2008},
 volume = {1},
 number = {1},
 month = aug,
 year = {2008},
 issn = {2150-8097},
 pages = {562--573},
 numpages = {12},
 url = {http://dx.doi.org/10.14778/1453856.1453918},
 doi = {10.14778/1453856.1453918},
 acmid = {1453918},
 publisher = {VLDB Endowment},
} 

@ARTICLE{schilit,
    author = {Bill Schilit and Marvin Theimer},
    title = {Disseminating Active Map Information to Mobile Hosts},
    journal = {IEEE Network},
    year = {1994},
    volume = {8},
    pages = {22--32}
}

@article{dourish,
 author = {Dourish, Paul},
 title = {What We Talk About when We Talk About Context},
 journal = {Personal Ubiquitous Comput.},
 issue_date = {February 2004},
 volume = {8},
 number = {1},
 month = feb,
 year = {2004},
 issn = {1617-4909},
 pages = {19--30},
 numpages = {12},
 url = {https://doi.org/10.1007/s00779-003-0253-8},
 doi = {10.1007/s00779-003-0253-8},
 acmid = {970985},
 publisher = {Springer-Verlag},
 address = {Berlin, Heidelberg},
 keywords = {Context-aware computing, Ethnomethodology},
}

@article{tamminen,
 author = {Tamminen, Sakari and Oulasvirta, Antti and Toiskallio, Kalle and Kankainen, Anu},
 title = {Understanding Mobile Contexts},
 journal = {Personal Ubiquitous Comput.},
 issue_date = {May 2004},
 volume = {8},
 number = {2},
 month = may,
 year = {2004},
 issn = {1617-4909},
 pages = {135--143},
 numpages = {9},
 url = {https://doi.org/10.1007/s00779-004-0263-1},
 doi = {10.1007/s00779-004-0263-1},
 acmid = {992048},
 publisher = {Springer-Verlag},
 address = {Berlin, Heidelberg},
 keywords = {Context-aware computing, Ethnography, Ethnomethodology, Mobile context, Mobility, User-centred design},
} 

@inproceedings{lenzerini,
 author = {Lenzerini, Maurizio},
 title = {Data Integration: A Theoretical Perspective},
 booktitle = {Proceedings of the Twenty-first ACM SIGMOD-SIGACT-SIGART Symposium on Principles of Database Systems},
 series = {PODS '02},
 year = {2002},
 isbn = {1-58113-507-6},
 location = {Madison, Wisconsin},
 pages = {233--246},
 numpages = {14},
 url = {http://doi.acm.org/10.1145/543613.543644},
 doi = {10.1145/543613.543644},
 acmid = {543644},
 publisher = {ACM},
 address = {New York, NY, USA},
} 

@book{doan,
 author = {Doan, AnHai and Halevy, Alon and Ives, Zachary},
 title = {Principles of Data Integration},
 year = {2012},
 isbn = {0124160441, 9780124160446},
 edition = {1st},
 publisher = {Morgan Kaufmann Publishers Inc.},
 address = {San Francisco, CA, USA},
}

@InProceedings{camus,
author="Daniel, Florian
and Matera, Maristella
and Quintarelli, Elisa
and Tanca, Letizia
and Zaccaria, Vittorio",
editor="Krogstie, John
and Reijers, Hajo A.",
title="Context-Aware Access to Heterogeneous Resources Through On-the-Fly Mashups",
booktitle="Advanced Information Systems Engineering",
year="2018",
publisher="Springer International Publishing",
address="Cham",
pages="119--134",
abstract="Current scenarios for app development are characterized by rich resources that often overwhelm the final users, especially in mobile app usage situations. It is therefore important to define design methods that enable dynamic filtering of the pertinent resources and appropriate tailoring of the retrieved content. This paper presents a design framework based on the specification of the possible contexts deemed relevant to a given application domain and on their mapping onto an integrated schema of the resources underlying the app. The context and the integrated schema enable the instantiation at runtime of templates of app pages in function of the context characterizing the user's current situation of use.",
isbn="978-3-319-91563-0"
}

@ARTICLE{perla, 
author={F. A. Schreiber and R. Camplani and M. Fortunato and M. Marelli and G. Rota}, 
journal={IEEE Transactions on Software Engineering}, 
title={PerLa: A Language and Middleware Architecture for Data Management and Integration in Pervasive Information Systems}, 
year={2012}, 
volume={38}, 
number={2}, 
pages={478-496}, 
keywords={data integration;information systems;middleware;software architecture;SQL;ubiquitous computing;PerLa;language architecture;middleware architecture;data management;data integration;pervasive information systems;declarative SQL-like language;data collection;passive RFID;ad hoc sensor boards;portable computers;device self-description;Middleware;Monitoring;Software;Context;Wireless sensor networks;Databases;Hardware;Declarative language;device heterogeneity;functionality proxy;middleware infrastructure;pervasive system;SQL;wireless sensor networks.}, 
doi={10.1109/TSE.2011.25}, 
ISSN={0098-5589}, 
month={March},}